@Article{Burgoine11,
 author = {N. Bourgoine},
 title = {Harvest Energy from a Single Photovoltaic Cell},
 journal = {Journal of Analog Innovation},
 year = {2011},
 volume = {21},
 number = {1},
 pages = {1-6},
 month = {April}
}
 
@Article{Salerno10,
 author = {D. Salerno},
 title = {Ultralow Voltage Energy Harvester Uses Thermoelectric Generator for Battery-Free Wireless Sensors},
 journal = {Journal of Analog Innovation},
 year = {2010},
 volume = {20},
 number = {3},
 pages = {1-11},
 month = {October}
}
 
@Article{LT-Piezo,
 author = {M. Whitaker},
 title = {Energy Harvester Produces Power from Local Environment, Eliminating Batteries in Wireless Sensors},
 journal = {Journal of Analog Innovation},
 year = {2010},
 volume = {20},
 number = {1},
 pages = {1-8},
 month = {April}
}
 
@Article{teg-wsn-ieee,
 author = {X. Lu and S.-H. Yang},
 title = {Thermal Energy Harvesting for \acp{WSN}},
 journal = {TODO, from IEEE}
}

@Article{cap-wsn-ieee,
 author = {V. Naveen Kumar, S. S. Manjunath},
 title = {A Reliable Ultracapacitor Based Solar Energy Harvesting system for Wireless Sensor Networks Enabled Intelligent Buildings},
 journal = {TODO, from IEEE}
}

@Article{solar-mppt-ieee,
 author = {C. Alippi and C. Galperti},
 title = {An Adaptive System for Optimal Solar Energy Harvesting in Wireless Sensor Network Nodes},
 journal = {TODO, from IEEE}
}
@Article{piezo-shoe-ieee,
 author = {N. S. Shenck},
 title = {Energy Scavenging with Shoe-Mounted Piezoelectrics},
 journal = {TODO, from IEEE}
}

@Misc{ wiki:eh,
   author = "Wikipedia",
   title = "Energy harvesting --- Wikipedia{,} The Free Encyclopedia",
   year = "2011",
   url = "\url{https://en.wikipedia.org/wiki/Energy_harvesting}",
   note = "[Online; accessed 7-December-2011]"
 }

@Misc{ wiki:piezo,
   author = "Wikipedia",
   title = "Piezoelectricity --- Wikipedia{,} The Free Encyclopedia",
   year = "2011",
   url = "\url{https://en.wikipedia.org/wiki/Piezoelectricity}",
   note = "[Online; accessed 7-December-2011]"
 }

@Misc{ wiki:teg,
   author = "Wikipedia",
   title = "Thermoelectric generator --- Wikipedia{,} The Free Encyclopedia",
   year = "2011",
   url = "\url{http://en.wikipedia.org/wiki/Thermoelectric_generator}",
   note = "[Online; accessed 7-December-2011]"
 }

@Misc{ wiki:edlc,
   author = "Wikipedia",
   title = "Electric double-layer capacitor --- Wikipedia{,} The Free Encyclopedia",
   year = "2011",
   url = "\url{http://en.wikipedia.org/wiki/Electric_double-layer_capacitor}",
   note = "[Online; accessed 7-December-2011]"
 }

@Misc{ wiki:solar-cells,
   author = "Wikipedia",
   title = "Theory of solar cells --- Wikipedia{,} The Free Encyclopedia",
   year = "2011",
   url = "\url{http://en.wikipedia.org/wiki/Theory_of_solar_cells}",
   note = "[Online; accessed 7-December-2011]"
 }


@Article{Vib-fiber,
 author = {Y. Yang and L. Tang and H. Li},
 title = {Vibration energy harvesting using macro-fiber composites},
 journal = {Smart Materials and Structures},
 year = {2009},
 number = {18}
}

 
@Misc{ ti:eh,
   author = "Texas Instruments",
   title = "Energy Harvesting",
   year = "2011",
   url = "\url{http://www.ti.com/ww/en/apps/energy-harvesting/index.shtml}",
   note = "[Online; accessed 15-December-2011]"
 }

@Misc{ news:laptop-chargers,
   author = "Jaymi Heimbuch",
   title = "7 Portable Solar Laptop Chargers Worth Considering",
   year = "2008",
   url = "\url{http://www.treehugger.com/gadgets/7-portable-solar-laptop-chargers-worth-considering.html}",
   note = "[Online; accessed 17-December-2011]"
 }

@Misc{ mysolarphonecharger,
   title = "Solar Phone Charger",
   url = "\url{http://http://mysolarphonecharger.com/store-3}",
   note = "[Online; accessed 17-December-2011]"
 }
 
@TechReport{ enocean,
   author = "Graham Martin",
   title = "Wireless Sensor Solutions For Home and Building Automation",
   year = "2007",
   institution = {EnOcean GmbH},
 }

@TechReport{ schneider-zb,
 author = {},
 title = {A world technological first for Schneider Electric with the introduction of a ZigBee-based wireless, batteryless switch},
 institution = {Schneired Electric },
 year = {2009},
}

@Misc{ lt:cenik,
  title = {Energy Harvesting},
  institution = {Linear Technology},
  url = "\url{http://parametric.linear.com/energy_harvesting#!cols_2200,1032,1033,1031,1112,10002!s_0,0!gtd_}",
  note = "[Online; accessed 17-December-2011]"
}

