 @Book{degennes,
 title = {The Physics of Liquid Crystals, Second Edition},
 publisher = {Oxford University Press},
 year = {1995},
 author = {de Gennes, P. G. and Prost, J.},
}

@Book{kleman,
 title = {Soft Matter Physics: An Introduction},
 publisher = {Springer},
 year = {2003},
 author = {Kleman, D. and Lavrentovich, O. D.},
}

@book{joannopoulos,
  title={Photonic Crystals: Molding the Flow of Light (Second Edition)},
  author={Joannopoulos, J. D. and Johnson, S. G. and Winn, J. N. and Meade, R. D.},
  isbn={9780691124568},
  lccn={2007061025},
  url={http://books.google.si/books?id=owhE36qiTP8C},
  year={2011},
  publisher={Princeton University Press}
}

@book{taflove,
  title={Computational Electrodynamics: The Finite-Difference Time-Domain Method},
  author={Taflove, A. and Hagness, S. C.},
  isbn={9781580538329},
  lccn={2005045273},
  OPTseries={Artech House Antennas and Propagation Library},
  url={http://books.google.si/books?id=n2ViQgAACAAJ},
  year={2005},
  publisher={Artech House}
}

% Teh naprej se ne rabim

@Article{rajdeep,
author ="Deb, R. and Nath, R. K. and Paul, M. K. and Rao, N. V. S. and Tuluri, F. and Shen, Y. and Shao, R. and Chen, D. and Zhu, C. and Smalyukh, I. I. and Clark, N. A.",
title  ="Four-ring achiral unsymmetrical bent core molecules forming strongly fluorescent smectic liquid crystals with spontaneous polar and chiral ordered B7 and B1 phases",
journal  ="J. Mater. Chem.",
year  ="2010",
volume  ="20",
number  ="35",
pages  ="7332-7336",
publisher  ="The Royal Society of Chemistry",
doi  ="10.1039/C0JM01539C",
url  ="http://dx.doi.org/10.1039/C0JM01539C",
abstract  ="Achiral molecules based on a novel four-ring core with an ester linkage at the molecular bend are shown to exhibit smectic liquid crystal phases with spontaneously chiral and polar layers (SmCP phases){,} including their polarization splay modulated and layer undulated (PMLU) variants{,} B7 and B1. Additionally{,} these compounds exhibit strong photoluminescence{,} the first family of SmCP phases to do so."
}

@Article{humar-ravnik,
  author = {Humar, M. and Ravnik, M. and Pajk, S. and Mu"sevi"c, I.},
  title = {Electrically tunable LC optical microresonators},
  year = {2009},
  journal = {Nat. Photonics},
  volume = {3},
  pages = {595-600},
}

@Article{mermin,
  author = {Mermin, N. D.},
  title = {The topological theory of defects in ordered media},
  year = {1979},
  journal = {Rev. Mod. Phys},
  volume = {51},
  number = {3},
  pages = {591-648},
}

@Article{humar-musevic,
	author = {Humar, M. and Mu"sevi"c, I.},
	title = {3D microlasers from self-assembled cholesteric LC microdroplets},
	year = {2010},
	journal = {Opt. Express},
	volume = {18},
	number = {26},
	pages = {26995-27003},
}

@Article{ravnik-zumer-ldg,
  author = {Ravnik, M. and "Zumer, S.},
  title = {Landau-de Gennes modelling of nematic liquid crystal colloids},
  journal = {Liq. Cryst.},
  year = {2009},
  volume = {36},
  pages = {1201-1214},
}

@Article{smalyukh,
  author = {Smalyukh, I. and Shiyanovskii, S. V. and Lavrentovich, O. D.},
  title = {Three-dimensional imaging of orientational order by fluorescence confocal polarizing microscopy},
  journal = {Chem. Phys. Lett.},
  year = {2001},
  volume = {336},
  pages = {88-96},
}

@Article{trivedi,
  author = {Trivedi, R. P. and Klevets, I. I. and Senyuk, B. and Lee, T. and Smalyukh, I.},
  title = {Reconfigurable interactions and three-dimensional patterning of colloidal particles and defects in lamellar soft media},
  journal = {Proc. Natl. Acad. Sci. USA},
  year = {2012},
  
}

@misc{ wiki:lc,
   author = "Wikipedia",
   title = "Liquid crystal --- Wikipedia{,} The Free Encyclopedia",
   year = "2012",
   url = "https://en.wikipedia.org/wiki/Liquid_crystal",
   note = "Na spletu; dostopano 19. 11. 2012"
 }

 @book{vilfan-musevic,
  title={Teko{\v{c}}i kristali},
  author={Vilfan, M. and Mu{\v{s}}evi{\v{c}}, I.},
  isbn={9789612121365},
  series={Knji{\v{z}}nica Sigma},
  year={2002},
  publisher={DMFA - zalo{\v{z}}ni{\v{s}}tvo},
}

@article{poberaj,
year={2006},
issn={1292-8941},
journal={Eur. Phys. J. E},
volume={20},
number={2},
doi={10.1140/epje/i2006-10015-3},
title={Anisotropic laser trapping in nematic colloidal dispersion},
url={http://dx.doi.org/10.1140/epje/i2006-10015-3},
publisher={Società Italiana di Fisica},
keywords={61.30.-v Structure of solids and liquids; crystallography: Liquid crystals; 42.70.Df Optics: Liquid crystals; 68.05.Gh Interfacial properties of microemulsions},
author={Lev, B. and Nych, A. and Ognysta, U. and Chernyshuk, S.B. and Nazarenko, V. and Škarabot, M. and Poberaj, I. and Babič, D. and Osterman, N. and Muševič, I.},
pages={215-219},
language={English},
}

@misc{yee-lattice,
 title={Yee Lattice},
 url={http://ab-initio.mit.edu/wiki/index.php/Yee_lattices},
 note={Na spletu; dostopano 27. 4. 2013},
 author={Johnson, S.-G.},
}

@article{yee,
  author={Yee, K.},
  journal={IEEE T. Antenn. Propag.}, 
  title={Numerical solution of initial boundary value problems involving maxwell's equations in isotropic media},
  year={1966},
  volume={14},
  number={3},
  pages={302-307},
  doi={10.1109/TAP.1966.1138693},
  ISSN={0018-926X},
}


% Clanki o valovodih
@article{ruetschi-1994,
  year={1994},
  journal={Science},
  volume={265},
  number={5171},
  pages={512-514},
  title={Creation of Liquid Crystal Waveguides with Scannig Force Microscopy},
  author={R\"uetsci, M. and Gr\"utter, P. and F\"unfschilling, J. and G\"untherodt, H.-J.},
}

% Clanki o laserjih
@article{coles-morris,
  author={Coles, H. and Morris, S.},
  title={Liquid-crystal lasers},
  journal={Nat. Photonics},
  year={2010},
  volume={4},
  pages={676-685},
}